<record xmlns="http://www.loc.gov/MARC21/slim" xmlns:xsi="http://www.w3.org/2001/XMLSchema-instance" xsi:schemaLocation="http://www.loc.gov/MARC21/slim http://www.loc.gov/standards/marcxml/schema/MARC21slim.xsd"><leader>     nam a22        4500</leader><controlfield tag="001">3071240</controlfield><controlfield tag="003">NNC</controlfield><controlfield tag="006">m        d        </controlfield><controlfield tag="007">cr cn |||m|||a</controlfield><controlfield tag="008">150601s1942    ua      o     000 0 ara d</controlfield><datafield ind1=" " ind2=" " tag="040"><subfield code="a">NNU</subfield><subfield code="b">eng</subfield><subfield code="c">NNU</subfield></datafield><datafield ind1="1" ind2="4" tag="050"><subfield code="a">PJ7828.K52</subfield><subfield code="b">Y3</subfield></datafield><datafield ind1="1" ind2=" " tag="100"><subfield code="6">880-01</subfield><subfield code="a">H&#803;aki&#772;m, Tawfi&#772;q.</subfield></datafield><datafield ind1="1" ind2="0" tag="245"><subfield code="6">880-02</subfield><subfield code="a">Yawmi&#772;ya&#772;t na&#772;&#700;ib fi&#772; al-arya&#772;f</subfield><subfield code="h">[electronic resource] /</subfield><subfield code="c">Tawfi&#772;q H&#803;aki&#772;m.</subfield></datafield><datafield ind1=" " ind2=" " tag="260"><subfield code="6">880-03</subfield><subfield code="a">[al-Qa&#772;hirah] :</subfield><subfield code="b">al-Mat&#803;ba&#699;at al-Namu&#772;dhaji&#772;yah,</subfield><subfield code="c">[1942]</subfield></datafield><datafield ind1=" " ind2=" " tag="300"><subfield code="a">online resource (176 p.)</subfield></datafield><datafield ind1=" " ind2=" " tag="500"><subfield code="a">Part of the Arabic Collections Online (ACO) project, contributed by Columbia University Libraries.</subfield></datafield><datafield ind1=" " ind2=" " tag="533"><subfield code="a">Electronic reproduction.</subfield><subfield code="b">New York, N.Y. :</subfield><subfield code="c">New York University,</subfield><subfield code="d">2015.</subfield><subfield code="5">NNU</subfield></datafield><datafield ind1="1" ind2="0" tag="600"><subfield code="6">880-04</subfield><subfield code="a">H&#803;aki&#772;m, Tawfi&#772;q. </subfield></datafield><datafield ind1=" " ind2="0" tag="650"><subfield code="a">Authors, Arab</subfield><subfield code="z">Egypt</subfield><subfield code="v">Biography.</subfield></datafield><datafield ind1=" " ind2="0" tag="650"><subfield code="a">Government attorneys</subfield><subfield code="z">Egypt</subfield><subfield code="v">Biography.</subfield></datafield><datafield ind1="1" ind2="7" tag="600"><subfield code="a">H&#803;aki&#772;m, Tawfi&#772;q.</subfield><subfield code="2">fast</subfield><subfield code="0">(OCoLC)fst00044182</subfield></datafield><datafield ind1=" " ind2="7" tag="650"><subfield code="a">Authors, Arab.</subfield><subfield code="2">fast</subfield><subfield code="0">(OCoLC)fst00821793</subfield></datafield><datafield ind1=" " ind2="7" tag="650"><subfield code="a">Government attorneys.</subfield><subfield code="2">fast</subfield><subfield code="0">(OCoLC)fst00945189</subfield></datafield><datafield ind1=" " ind2="7" tag="651"><subfield code="a">Egypt.</subfield><subfield code="2">fast</subfield><subfield code="0">(OCoLC)fst01208755</subfield></datafield><datafield ind1=" " ind2="7" tag="655"><subfield code="a">Biography.</subfield><subfield code="2">fast</subfield><subfield code="0">(OCoLC)fst01423686</subfield></datafield><datafield ind1="2" ind2=" " tag="710"><subfield code="a">Columbia University.</subfield><subfield code="b">Libraries.</subfield></datafield><datafield ind1="0" ind2=" " tag="730"><subfield code="a">Arabic Collections Online.</subfield></datafield><datafield ind1="0" ind2="8" tag="776"><subfield code="i">Print version:</subfield><subfield code="a">H&#803;aki&#772;m, Tawfi&#772;q.</subfield><subfield code="t">Yawmi&#772;ya&#772;t na&#772;&#700;ib fi&#772; al-arya&#772;f</subfield><subfield code="w">(NNC)3071240</subfield><subfield code="w">(OCoLC)47813215</subfield></datafield><datafield ind1="4" ind2="0" tag="856"><subfield code="u">http://hdl.handle.net/2333.1/ncjsxp7q</subfield></datafield><datafield ind1="1" ind2=" " tag="880"><subfield code="6">100-01/r</subfield><subfield code="a">&#1581;&#1603;&#1610;&#1605;&#1548; &#1578;&#1608;&#1601;&#1610;&#1602;.</subfield></datafield><datafield ind1="1" ind2="0" tag="880"><subfield code="6">245-02/r</subfield><subfield code="a">&#1610;&#1608;&#1605;&#1610;&#1575;&#1578; &#1606;&#1575;&#1574;&#1576; &#1601;&#1610; &#1575;&#1604;&#1575;&#1585;&#1610;&#1575;&#1601; /</subfield><subfield code="c">&#1578;&#1608;&#1601;&#1610;&#1602; &#1581;&#1603;&#1610;&#1605;.</subfield></datafield><datafield ind1=" " ind2=" " tag="880"><subfield code="6">260-03/r</subfield><subfield code="a">[&#1575;&#1604;&#1602;&#1575;&#1607;&#1585;&#1577;] :</subfield><subfield code="b">&#1575;&#1604;&#1605;&#1591;&#1576;&#1593;&#1577; &#1575;&#1604;&#1606;&#1605;&#1608;&#1584;&#1580;&#1610;&#1577;&#1548;</subfield><subfield code="c">[1942]</subfield></datafield><datafield ind1="1" ind2="4" tag="880"><subfield code="6">600-04/r</subfield><subfield code="a">&#1581;&#1603;&#1610;&#1605;&#1548; &#1578;&#1608;&#1601;&#1610;&#1602;. </subfield></datafield><datafield ind1=" " ind2=" " tag="959"><subfield code="a">NNU</subfield><subfield code="b">WEB</subfield><subfield code="c">GENI</subfield><subfield code="t">0</subfield><subfield code="m">Electronic access</subfield><subfield code="s">01</subfield></datafield><datafield ind1=" " ind2=" " tag="999"><subfield code="i">NNC_3071240</subfield><subfield code="o">(OCoLC)ocm47813215</subfield><subfield code="s">columbia_aco000526</subfield><subfield code="e">(ERROR-880)</subfield><subfield code="s">columbia_aco000526</subfield></datafield></record>